@INPROCEEDINGS{7516110, 
	author={C. HewaNadungodage and Y. Xia and J. J. Lee}, 
	booktitle={2016 IEEE International Parallel and Distributed Processing Symposium (IPDPS)}, 
	title={GPU-Accelerated Outlier Detection for Continuous Data Streams}, 
	year={2016}, 
	volume={}, 
	number={}, 
	pages={1133-1142}, 
	keywords={electronic data interchange;graphics processing units;microprocessor chips;multiprocessing systems;parallel processing;security of data;GPU-accelerated outlier detection algorithm;anomaly detection;continuous data streams;data attributes;environmental monitoring;fraud detection;graphics processing units;input data rate;kernel density estimation;multicore CPU implementation;network intrusion detection;parallel processing power;Acceleration;Data models;Detection algorithms;Estimation;Graphics processing units;Kernel;Parallel processing;CUDA;Data Streams;GPU;Outlier detection;kde}, 
	doi={10.1109/IPDPS.2016.101}, 
	ISSN={1530-2075}, 
	month={May},
} ---------------------------------
 
@article{Joshi:2001:MNH:376284.375673,
	 author = {Joshi, Mahesh V. and Agarwal, Ramesh C. and Kumar, Vipin},
	 title = {Mining Needle in a Haystack: Classifying Rare Classes via Two-phase Rule Induction},
	 journal = {SIGMOD Rec.},
	 issue_date = {June 2001},
	 volume = {30},
	 number = {2},
	 month = may,
	 year = {2001},
	 issn = {0163-5808},
	 pages = {91--102},
	 numpages = {12},
	 url = {http://doi.acm.org/10.1145/376284.375673},
	 doi = {10.1145/376284.375673},
	 acmid = {375673},
	 publisher = {ACM},
	 address = {New York, NY, USA}
} ---------------------------------

@article{sup02,
	author={N.Chawla A.Lazarevic L.Hall K.Bowyer},
	title={SMOTEBoost:Improving the Prediction of Minority Class in Boosting},
	abstract={},
	booktitle={Proceeding of thePrinciples ofKnowledge Discovery in Databases, PKDD-2003},
	year={2003}
}

@inproceedings{Basu:2004:PFS:1014052.1014062,
	 author = {Basu, Sugato and Bilenko, Mikhail and Mooney, Raymond J.},
	 title = {A Probabilistic Framework for Semi-supervised Clustering},
	 booktitle = {Proceedings of the Tenth ACM SIGKDD International Conference on Knowledge Discovery and Data Mining},
	 series = {KDD '04},
	 year = {2004},
	 isbn = {1-58113-888-1},
	 location = {Seattle, WA, USA},
	 pages = {59--68},
	 numpages = {10},
	 url = {http://doi.acm.org/10.1145/1014052.1014062},
	 doi = {10.1145/1014052.1014062},
	 acmid = {1014062},
	 publisher = {ACM},
	 address = {New York, NY, USA},
	 keywords = {distance metric learning, hidden Markov random fields, semi-supervised clustering}
}  --------------------------------- 

@article{semi-sup02,
	author={Wagstaff K.Cardie, C. Rogers, S. Schroedl S},
	title={Constrained K-Means Clustering with Background Knowledge},
	abstract={},
	booktitle={18th International Conference on Machine Learning},
	year={2001},
	publisher={Morgan Kaufmann},
	pages={577â€“ 584}
} ---------------------------------

@Inbook{Yu2009,
	author="Yu, Yan
	and Guo, Shanqing
	and Lan, Shaohua
	and Ban, Tao",
	editor="K{\"o}ppen, Mario
	and Kasabov, Nikola
	and Coghill, George",
	title="Anomaly Intrusion Detection for Evolving Data Stream Based on Semi-supervised Learning",
	bookTitle="Advances in Neuro-Information Processing: 15th International Conference, ICONIP 2008, Auckland, New Zealand, November 25-28, 2008, Revised Selected Papers, Part I",
	year="2009",
	publisher="Springer Berlin Heidelberg",
	address="Berlin, Heidelberg",
	pages="571--578",
	abstract="In network environment, time-varying traffic patterns make the detection model not characterize the current traffic accurately. At the same time, the deficiency of training samples also degrades the detection accuracy. This paper proposes an anomaly detection algorithm for evolving data stream based on semi-supervised learning. The algorithm uses data stream model with attenuation to solve the problem of the change of traffic patterns, as while as extended labeled dataset generated from semi-supervised learning is used to train detection model. The experimental results manifest that the algorithm have better accuracy than those based on all historical data equivalently by forgetting historical data gracefully, as while as be suitable for the situation of deficiency of labeled data.",
	isbn="978-3-642-02490-0",
	doi="10.1007/978-3-642-02490-0_70",
	url="https://doi.org/10.1007/978-3-642-02490-0_70"
} ---------------------------------


@inproceedings{Gao:2006:SOD:1141277.1141421,
	 author = {Gao, Jing and Cheng, Haibin and Tan, Pang-Ning},
	 title = {Semi-supervised Outlier Detection},
	 booktitle = {Proceedings of the 2006 ACM Symposium on Applied Computing},
	 series = {SAC '06},
	 year = {2006},
	 isbn = {1-59593-108-2},
	 location = {Dijon, France},
	 pages = {635--636},
	 numpages = {2},
	 url = {http://doi.acm.org/10.1145/1141277.1141421},
	 doi = {10.1145/1141277.1141421},
	 acmid = {1141421},
	 publisher = {ACM},
	 address = {New York, NY, USA},
	 keywords = {outlier detection, semi-supervised learning},
}  ---------------------------------

@inproceedings{Sadik:2011:OOD:2076623.2076635,
	 author = {Sadik, Shiblee and Gruenwald, Le},
	 title = {Online Outlier Detection for Data Streams},
	 booktitle = {Proceedings of the 15th Symposium on International Database Engineering \&\#38; Applications},
	 series = {IDEAS '11},
	 year = {2011},
	 isbn = {978-1-4503-0627-0},
	 location = {Lisboa, Portugal},
	 pages = {88--96},
	 numpages = {9},
	 url = {http://doi.acm.org/10.1145/2076623.2076635},
	 doi = {10.1145/2076623.2076635},
	 acmid = {2076635},
	 publisher = {ACM},
	 address = {New York, NY, USA},
	 keywords = {data mining, knowledge discovery, stream databases},
}  ---------------------------------

@inproceedings{EKnorr:1998,
	author = {E. Knorr and R. Ng},
	title = {Algorithms for mining distance-based outliers in large datasets},
	booktitle = {Int. Conf. on Very Large Databases (VLDB98)},
	year = {1998},
	pages = {392--403}
}

@inproceedings{Ramaswamy:2000:EAM:342009.335437,
 author = {Ramaswamy, Sridhar and Rastogi, Rajeev and Shim, Kyuseok},
 title = {Efficient Algorithms for Mining Outliers from Large Data Sets},
 booktitle = {Proceedings of the 2000 ACM SIGMOD International Conference on Management of Data},
 series = {SIGMOD '00},
 year = {2000},
 isbn = {1-58113-217-4},
 location = {Dallas, Texas, USA},
 pages = {427--438},
 numpages = {12},
 url = {http://doi.acm.org/10.1145/342009.335437},
 doi = {10.1145/342009.335437},
 acmid = {335437},
 publisher = {ACM},
 address = {New York, NY, USA},
} 

@ARTICLE{1377172, 
	author={F. Angiulli and C. Pizzuti}, 
	journal={IEEE Transactions on Knowledge and Data Engineering}, 
	title={Outlier mining in large high-dimensional data sets}, 
	year={2005}, 
	volume={17}, 
	number={2}, 
	pages={203-215}, 
	keywords={computational complexity;data mining;very large databases;HilOut algorithm;disk-based algorithm;distance-based outlier;in-memory algorithm;large high-dimensional data set;outlier mining;space-filling curve;Accuracy;Algorithm design and analysis;Classification algorithms;Costs;Credit cards;Data mining;Degradation;Medical tests;Medical treatment;Telecommunication services}, 
	doi={10.1109/TKDE.2005.31}, 
	ISSN={1041-4347}, 
	month={Feb},
}

@inproceedings{Breunig:2000:LID:342009.335388,
 author = {Breunig, Markus M. and Kriegel, Hans-Peter and Ng, Raymond T. and Sander, J\"{o}rg},
 title = {LOF: Identifying Density-based Local Outliers},
 booktitle = {Proceedings of the 2000 ACM SIGMOD International Conference on Management of Data},
 series = {SIGMOD '00},
 year = {2000},
 isbn = {1-58113-217-4},
 location = {Dallas, Texas, USA},
 pages = {93--104},
 numpages = {12},
 url = {http://doi.acm.org/10.1145/342009.335388},
 doi = {10.1145/342009.335388},
 acmid = {335388},
 publisher = {ACM},
 address = {New York, NY, USA},
 keywords = {database mining, outlier detection},
} 

@INPROCEEDINGS{4438332, 
author={D. I. Curiac and O. Banias and F. Dragan and C. Volosencu and O. Dranga}, 
booktitle={Networking and Services, 2007. ICNS. Third International Conference on}, 
title={Malicious Node Detection in Wireless Sensor Networks Using an Autoregression Technique}, 
year={2007}, 
volume={}, 
number={}, 
pages={83-83}, 
keywords={autoregressive processes;wireless sensor networks;autoregression technique;malicious node detection;wireless sensor network;Acoustic sensors;Computer architecture;Costs;Energy consumption;Intrusion detection;Military computing;Sensor phenomena and characterization;Temperature measurement;Temperature sensors;Wireless sensor networks}, 
doi={10.1109/ICNS.2007.79}, 
ISSN={}, 
month={June},}

@INPROCEEDINGS{4666541, 
author={M. Elahi and K. Li and W. Nisar and X. Lv and H. Wang}, 
booktitle={2008 Fifth International Conference on Fuzzy Systems and Knowledge Discovery}, 
title={Efficient Clustering-Based Outlier Detection Algorithm for Dynamic Data Stream}, 
year={2008}, 
volume={5}, 
number={}, 
pages={298-304}, 
keywords={data mining;security of data;anomaly detection;clustering based approach;clustering-based outlier detection algorithm;dynamic data stream;Application software;Computational efficiency;Data engineering;Data mining;Databases;Detection algorithms;Fuzzy systems;Information technology;Knowledge engineering;Nearest neighbor searches;Clustering;Data Stream;Outlier detection}, 
doi={10.1109/FSKD.2008.374}, 
ISSN={}, 
month={Oct},}

@article{DBLP:journals/corr/abs-1002-4003,
  author    = {Parneeta Dhaliwal and
               M. P. S. Bhatia and
               Priti Bansal},
  title     = {A Cluster-based Approach for Outlier Detection in Dynamic Data Streams
               {(KORM:} k-median OutlieR Miner)},
  journal   = {CoRR},
  volume    = {abs/1002.4003},
  year      = {2010},
  url       = {http://arxiv.org/abs/1002.4003},
  timestamp = {Wed, 07 Jun 2017 14:42:44 +0200},
  biburl    = {http://dblp.uni-trier.de/rec/bib/journals/corr/abs-1002-4003},
  bibsource = {dblp computer science bibliography, http://dblp.org}
}

@inproceedings{Aggarwal:2001:ODH:375663.375668,
 author = {Aggarwal, Charu C. and Yu, Philip S.},
 title = {Outlier Detection for High Dimensional Data},
 booktitle = {Proceedings of the 2001 ACM SIGMOD International Conference on Management of Data},
 series = {SIGMOD '01},
 year = {2001},
 isbn = {1-58113-332-4},
 location = {Santa Barbara, California, USA},
 pages = {37--46},
 numpages = {10},
 url = {http://doi.acm.org/10.1145/375663.375668},
 doi = {10.1145/375663.375668},
 acmid = {375668},
 publisher = {ACM},
 address = {New York, NY, USA},
}

@INPROCEEDINGS{4221341, 
author={D. Pokrajac and A. Lazarevic and L. J. Latecki}, 
booktitle={2007 IEEE Symposium on Computational Intelligence and Data Mining}, 
title={Incremental Local Outlier Detection for Data Streams}, 
year={2007}, 
volume={}, 
number={}, 
pages={504-515}, 
keywords={data handling;data streams;incremental local outlier detection;local outlier factor algorithm;Change detection algorithms;Computational Intelligence Society;Computer networks;Data mining;Event detection;Intrusion detection;Telecommunication traffic;Traffic control;Unsupervised learning;Video surveillance}, 
doi={10.1109/CIDM.2007.368917}, 
ISSN={}, 
month={March},}

@inproceedings{A.Arning:deviation,
	authors={A. Arning R. Agrawal P. Raghavan},
	title={A Linear Method for Deviation Detection in Large Databases},
	booktitle= {In: Proc of KDDâ€™96},
	year={1996},
	pages={164-169}
}

@inproceedings{S.Harkins:rnn,
	authors={S.Harkins H.He G. J.Willams R.A. Baster},
	title={Outlier Detection Using Replicator Neural Networks},
	booktitle={Proc of DaWaKâ€™02},
	year={2002},
	pages={170-180}
}
